@article{donoho1988automatic,
  title={The" automatic" robustness of minimum distance functionals},
  author={Donoho, David L and Liu, Richard C and others},
  journal={The Annals of Statistics},
  volume={16},
  number={2},
  pages={552--586},
  year={1988},
  publisher={Institute of Mathematical Statistics}
}
